<record><leader>00000cas a22000007a 4500</leader><controlfield tag="001">10881586</controlfield><controlfield tag="008">840625d18521865caudr ne      0    0fre d</controlfield><datafield ind1=" " ind2=" " tag="010"><subfield code="a">sn 84027046 </subfield></datafield><datafield ind1=" " ind2=" " tag="040"><subfield code="a">NPU</subfield><subfield code="b">eng</subfield><subfield code="c">NPU</subfield><subfield code="d">NPX</subfield><subfield code="d">NPV</subfield><subfield code="d">DLC</subfield><subfield code="d">YOX</subfield><subfield code="d">CNK</subfield><subfield code="d">OCL</subfield><subfield code="d">OCLCQ</subfield><subfield code="d">OCLCF</subfield><subfield code="d">OCLCO</subfield><subfield code="d">IUL</subfield><subfield code="d">OCLCQ</subfield></datafield><datafield ind1="0" ind2=" " tag="041"><subfield code="a">fre</subfield><subfield code="a">spa</subfield><subfield code="a">eng</subfield></datafield><datafield ind1=" " ind2=" " tag="042"><subfield code="a">msc</subfield></datafield><datafield ind1=" " ind2=" " tag="043"><subfield code="a">n-us-ca</subfield></datafield><datafield ind1="0" ind2="0" tag="050"><subfield code="a">Newspaper 7114-X</subfield></datafield><datafield ind1="0" ind2="2" tag="245"><subfield code="a">L'Echo du Pacifique.</subfield></datafield><datafield ind1="1" ind2="5" tag="246"><subfield code="a">Eco del Pacifico</subfield></datafield><datafield ind1=" " ind2=" " tag="260"><subfield code="a">San-Francisco [Calif.] :</subfield><subfield code="b">Derbec</subfield></datafield><datafield ind1=" " ind2=" " tag="300"><subfield code="a">volumes ;</subfield><subfield code="c">67 cm</subfield></datafield><datafield ind1=" " ind2=" " tag="310"><subfield code="a">Daily</subfield></datafield><datafield ind1=" " ind2=" " tag="321"><subfield code="a">Triweekly,</subfield><subfield code="b">June 1852-Jan. 1, 1856</subfield></datafield><datafield ind1=" " ind2=" " tag="336"><subfield code="a">text</subfield><subfield code="b">txt</subfield><subfield code="2">rdacontent</subfield></datafield><datafield ind1=" " ind2=" " tag="337"><subfield code="a">unmediated</subfield><subfield code="b">n</subfield><subfield code="2">rdamedia</subfield></datafield><datafield ind1=" " ind2=" " tag="338"><subfield code="a">volume</subfield><subfield code="b">nc</subfield><subfield code="2">rdacarrier</subfield></datafield><datafield ind1="1" ind2=" " tag="362"><subfield code="a">Began with June 1, 1852 issue.</subfield><subfield code="z">Cf. Gregory, W. Amer. newspapers.</subfield></datafield><datafield ind1="1" ind2=" " tag="362"><subfield code="a">Ceased with April 15, 1865 issue.</subfield><subfield code="z">Cf. Weglin, O. N-Y. Hist. Soc. Quarterly bull., v. 27, Jan. 1943.</subfield></datafield><datafield ind1=" " ind2=" " tag="500"><subfield code="a">Added title page with title: Eco del Pacifico.</subfield></datafield><datafield ind1=" " ind2=" " tag="500"><subfield code="a">First permanent French paper in San Francisco.</subfield></datafield><datafield ind1=" " ind2=" " tag="500"><subfield code="a">"Organes des populations Franc&#796;aises de la Californie et de L'Oce&#769;an Pacifique."</subfield></datafield><datafield ind1=" " ind2=" " tag="515"><subfield code="a">Seized by Federal authorities and supressed April 15-May 4, 1865.</subfield></datafield><datafield ind1=" " ind2=" " tag="546"><subfield code="a">Text in French, Spanish, and English.</subfield></datafield><datafield ind1=" " ind2=" " tag="580"><subfield code="a">Weekly ed.: Courrier de San Francisco Cf. Kemble, E.C. Hist. of Calif. newspapers, 1846-1858.</subfield></datafield><datafield ind1=" " ind2=" " tag="588"><subfield code="a">Description based on: 1re anne&#769;e, no 28 (7 aout 1852).</subfield></datafield><datafield ind1=" " ind2="0" tag="650"><subfield code="a">French Americans</subfield><subfield code="z">California</subfield><subfield code="v">Newspapers.</subfield></datafield><datafield ind1=" " ind2="0" tag="650"><subfield code="a">Hispanic Americans</subfield><subfield code="z">California</subfield><subfield code="v">Newspapers.</subfield></datafield><datafield ind1=" " ind2="0" tag="651"><subfield code="a">San Francisco (Calif.)</subfield><subfield code="v">Newspapers.</subfield></datafield><datafield ind1=" " ind2="7" tag="650"><subfield code="a">French Americans.</subfield><subfield code="2">fast</subfield><subfield code="0">(OCoLC)fst00934236</subfield></datafield><datafield ind1=" " ind2="7" tag="650"><subfield code="a">Hispanic Americans.</subfield><subfield code="2">fast</subfield><subfield code="0">(OCoLC)fst00957523</subfield></datafield><datafield ind1=" " ind2="7" tag="651"><subfield code="a">California.</subfield><subfield code="2">fast</subfield><subfield code="0">(OCoLC)fst01204928</subfield></datafield><datafield ind1=" " ind2="7" tag="651"><subfield code="a">California</subfield><subfield code="z">San Francisco.</subfield><subfield code="2">fast</subfield><subfield code="0">(OCoLC)fst01204481</subfield></datafield><datafield ind1=" " ind2="7" tag="655"><subfield code="a">Newspapers.</subfield><subfield code="2">fast</subfield><subfield code="0">(OCoLC)fst01423814</subfield></datafield><datafield ind1=" " ind2=" " tag="752"><subfield code="a">United States</subfield><subfield code="b">California</subfield><subfield code="c">San Francisco</subfield><subfield code="d">San Francisco.</subfield></datafield><datafield ind1="1" ind2=" " tag="775"><subfield code="t">Courrier de San Francisco</subfield></datafield><datafield ind1="0" ind2="1" tag="780"><subfield code="t">Daily evening picayune (San Francisco, Calif. : 1851)</subfield><subfield code="w">(DLC)sn 82016232</subfield><subfield code="w">(OCoLC)9248096</subfield></datafield><datafield ind1="0" ind2="5" tag="780"><subfield code="t">Messager de San Francisco</subfield><subfield code="w">(DLC)sn 95062240</subfield><subfield code="w">(OCoLC)34258070</subfield></datafield><datafield ind1="0" ind2="5" tag="780"><subfield code="t">Phare (San Francisco, Calif.)</subfield><subfield code="w">(DLC)sn 84027047</subfield><subfield code="w">(OCoLC)10881556</subfield></datafield><datafield ind1="0" ind2="7" tag="780"><subfield code="t">Eco del Paci&#769;fico</subfield><subfield code="w">(DLC)sn 85040051</subfield><subfield code="w">(OCoLC)11634047</subfield></datafield><datafield ind1="0" ind2="1" tag="785"><subfield code="t">Eco del Paci&#769;fico</subfield><subfield code="w">(DLC)sn 85040051</subfield><subfield code="w">(OCoLC)11634047</subfield></datafield><datafield ind1="1" ind2=" " tag="029"><subfield code="a">AU@</subfield><subfield code="b">000020229147</subfield></datafield></record>